@article{dietemann2020smoothed,
  title={A Smoothed Particle Hydrodynamics scheme for arbitrarily shaped rigid bodies within highly viscous fluids},
  author={Dietemann, Bastien and Kraft, Torsten and Kruggel-Emden, Harald and Bierwisch, Claas},
  journal={Journal of Computational Physics: X},
  volume={8},
  pages={100068},
  year={2020},
  publisher={Elsevier}
}

@article{coutsias2004quaternions,
  title={The quaternions with an application to rigid body dynamics},
  author={Coutsias, Evangelos A and Romero, Louis},
  year={2004},
  publisher={Sandia National Laboraties}
}
